@misc{boyer2009memory,
      title={Memory efficient scheduling of Strassen-Winograd's matrix multiplication algorithm}, 
      author={Brice Boyer and Jean-Guillaume Dumas and Clément Pernet and Wei Zhou},
      year={2009},
      eprint={0707.2347},
      archivePrefix={arXiv},
      primaryClass={cs.MS}
}