@article{boyer2009memory,
  author    = {Jean{-}Guillaume Dumas and
               Cl{\'{e}}ment Pernet and
               Wei Zhou},
  title     = {Memory efficient scheduling of Strassen-Winograd's matrix multiplication
               algorithm},
  journal   = {CoRR},
  volume    = {abs/0707.2347},
  year      = {2007},
  url       = {http://arxiv.org/abs/0707.2347},
  archivePrefix = {arXiv},
  eprint    = {0707.2347},
  timestamp = {Mon, 13 Aug 2018 16:47:26 +0200},
  biburl    = {https://dblp.org/rec/journals/corr/abs-0707-2347.bib},
  bibsource = {dblp computer science bibliography, https://dblp.org}
}